@article{scrum,
  title={The scrum guide},
  author={Schwaber, Ken and Sutherland, Jeff},
  journal={Scrum Alliance},
  volume={21},
  number={19},
  year={2011}
}

@article{impact,
  title={The impact of teamwork on work performance of employees: A study of faculty members in Dhofar University},
  author={Sanyal, Shouvik and Hisam, Mohammed Wamique},
  journal={IOSR Journal of Business and Management},
  volume={20},
  number={3},
  pages={15--22},
  year={2018}
}